@book{misner1973gravitation,
  author = {Misner, Charles W. and Thorne, Kip S. and Wheeler, John Archibald},
  title = {Gravitation},
  year = {1973},
  publisher = {W. H. Freeman and Company},
  isbn = {978-0716703440},
  url = {https://archive.org/details/Gravitation-Misner-Thorne-Wheeler}
}

@article{hawking1975particle,
  author = {Hawking, Stephen W.},
  title = {Particle Creation by Black Holes},
  journal = {Communications in Mathematical Physics},
  volume = {43},
  pages = {199-220},
  year = {1975},
  doi = {10.1007/BF02345020},
  url = {https://projecteuclid.org/euclid.cmp/1103899181}
}

@article{bardeen1968non,
  author = {Bardeen, James M.},
  title = {Non-Singular General Relativistic Gravitational Collapse},
  journal = {Proceedings of GR5},
  year = {1968},
  note = {Conference presentation},
  url = {https://inspirehep.net/literature/47217}
}

@article{penrose1965singularity,
  author = {Penrose, Roger},
  title = {Gravitational Collapse and Space-Time Singularities},
  journal = {Physical Review Letters},
  volume = {14},
  pages = {57-59},
  year = {1965},
  doi = {10.1103/PhysRevLett.14.57}
}

@article{hayward2006formation,
  author = {Hayward, Sean A.},
  title = {Formation and Evaporation of Regular Black Holes},
  journal = {Physical Review Letters},
  volume = {96},
  pages = {031103},
  year = {2006},
  doi = {10.1103/PhysRevLett.96.031103}
}

@article{ashtekar2005quantum,
  author = {Ashtekar, Abhay and Bojowald, Martin and Lewandowski, Jerzy},
  title = {Mathematical Structure of Loop Quantum Cosmology},
  journal = {Advances in Theoretical and Mathematical Physics},
  volume = {7},
  pages = {233-268},
  year = {2003},
  doi = {10.4310/ATMP.2003.v7.n2.a2}
}

@article{rovelli1996black,
  author = {Rovelli, Carlo and Smolin, Lee},
  title = {Black Hole Entropy in Loop Quantum Gravity},
  journal = {Nuclear Physics B},
  volume = {442},
  number = {3},
  pages = {593-619},
  year = {1996},
  doi = {10.1016/0550-3213(95)00652-3}
}

@article{frolov2017information,
  author = {Frolov, Valeri P.},
  title = {Notes on Non-Singular Models of Black Holes},
  journal = {Physical Review D},
  volume = {94},
  pages = {104056},
  year = {2016},
  doi = {10.1103/PhysRevD.94.104056}
}

@article{giddings1992black,
  author = {Giddings, Steven B.},
  title = {Black Holes and Quantum Information},
  journal = {Physical Review D},
  volume = {46},
  pages = {1347-1352},
  year = {1992},
  doi = {10.1103/PhysRevD.46.1347}
}

@article{bojowald2005nonsingular,
  author = {Bojowald, Martin},
  title = {Nonsingular Black Holes and Loop Quantum Gravity},
  journal = {Classical and Quantum Gravity},
  volume = {23},
  pages = {391-411},
  year = {2005},
  doi = {10.1088/0264-9381/23/12/008}
}

@article{brustein2018black,
  author = {Brustein, Ram and Medved, A. J. M.},
  title = {Black Hole Interior in Quantum Gravity and the Information Paradox},
  journal = {Fortschritte der Physik},
  volume = {67},
  number = {10},
  pages = {1800056},
  year = {2018},
  doi = {10.1002/prop.201800056}
}
